2796 5250
467 147 475 186 ⁸
659 264 661 268 Α
752 202 797 266 1v

97 352 100 357 -
168 304 286 388 judicio
310 306 500 390 perlustrata
522 314 572 367 eat
590 315 682 388 atque
700 323 879 393 percensap
891 327 991 390 quave
1009 306 1228 373 benevolentia
1244 311 1283 373 ab
1301 315 1379 375 ami.

167 411 213 478 eis
225 423 354 496 eooepta
372 423 420 475 ost
437 423 469 475 et
487 410 635 508 probata,
656 408 767 472 eadam
783 422 815 472 et
829 409 903 473 huic
919 413 1093 495 posteriori
1108 415 1255 498 contigat.

249 622 283 685 si
305 622 457 705 quaedam
478 619 671 703 ajudicibus
695 619 828 681 eruditis
850 621 1036 706 deutraque
1051 623 1143 707 hujus
1160 628 1267 710 operis
1284 644 1374 710 parte

167 739 219 787 eut
241 727 341 789 amice
362 726 493 796 monita,
509 725 712 808 reprehensa
727 728 779 785 aui
797 724 974 788 desiderata
994 743 1065 789 sunt
1083 731 1253 810 velarunt,
1273 732 1373 794 bisin

165 831 288 911 altera,¹
301 832 328 904 si
341 824 421 893 'Deo
442 832 563 914 placet,
588 831 726 891 editione
749 828 918 910 diligenter
940 829 1122 894 deliberatis
1144 828 1373 898 satisfacturum

163 954 233 1017 me,¹
254 948 402 1018 quantum
417 934 484 1015 ejus
500 938 532 997 in
547 937 607 998 bac
622 935 771 998 varietate
788 953 824 993 ao
843 931 1020 995 differentia
1038 956 1167 1012 eorum,
1189 960 1269 1022 quae
1287 941 1373 1022 quis-

165 1025 227 1123 que
240 1039 400 1115 mutanda,
422 1040 582 1122 addenda5
602 1037 769 1102 minuenda
781 1038 942 1099 'censuerit
948 1083 961 1118 ,
980 1037 1053 1102 fieri
1065 1042 1182 1123 possit,
1200 1044 1372 1125 polliceor.

159 1335 161 1340 Α
248 1247 372 1340 Quodsi
388 1271 449 1334 per
473 1250 600 1337 aliquod
618 1248 769 1332 temporis
785 1234 998 1325 intervallum,
1020 1247 1201 1332 priusquam
1225 1251 1264 1312 ad
1287 1252 1373 1315 hune

165 1350 269 1433 ipsum
291 1352 433 1416 laborem
452 1354 684 1419 retraetandum
707 1366 868 1428 revertar,
893 1354 983 1414 aliam
999 1352 1178 1434 hujusmodi
1196 1357 1373 1436 materiam,

167 1453 269 1517 animo
285 1458 460 1549 recreando
477 1461 630 1543 aptiorem
648 1457 725 1518 mihi
743 1457 898 1538 deligam,
920 1479 961 1522 ne
980 1459 1013 1519 id
1029 1459 1156 1542 quidem
1176 1461 1293 1521 amicos
1314 1463 1374 1522 ini-

94 1570 97 1575 ’
166 1577 230 1641 que
249 1559 366 1622 laturos
384 1561 524 1649 confido,
546 1584 616 1624 eum
634 1564 787 1637 rationem
806 1579 929 1621 mecum
944 1552 1025 1624 inire
1045 1545 1193 1636 inanimo
1211 1564 1267 1644 sit,
1288 1579 1321 1627 ut
1339 1571 1384 1628 et*

165 1661 243 1726 illud
259 1664 476 1748 qualecunque
494 1667 654 1750 negotium
671 1663 813 1726 nonnihil
836 1677 888 1726 aut
910 1667 1111 1728 emolumenti
1133 1679 1184 1728 aut
1206 1669 1378 1751 voluptatis*

155 1762 269 1826 ‘saltim
284 1765 338 1842 his
350 1765 477 1848 afferat,
499 1770 553 1853 qui
567 1770 759 1852 plantarum,
780 1760 856 1852 quas
872 1780 979 1832 nostra
995 1769 1077 1832 haee
1091 1770 1193 1862 patria
1207 1772 1298 1839 tellus
1314 1794 1370 1854 pe·

165 1866 224 1947 rit,
245 1872 535 1951 pernoscendarum
553 1871 658 1937 studio
676 1873 881 1938 delectantur.
911 1888 916 1893 ’
1001 1916 1006 1935 ,

112 2141 113 2146 ,
236 2066 429 2163 Εῐιίἰηζαο
444 2094 544 2149 meuse
561 2089 738 2165 Septembris
759 2095 835 2161 1824.

1128 2250 1153 2281 lN

878 2332 880 2336 ι
956 2374 1016 2434 Dr.
1035 2369 1207 2432 Steudel.
