2796 5250
391 1030 894 1155 ,Praelatio

60 1687 172 1772 Pauca
193 1713 352 1776 secundae
373 1714 448 1779 huic
470 1715 722 1778 Nomenolatoris
744 1715 840 1800 parti,
867 1735 939 1777 cum
963 1711 1105 1795 easdem,
1137 1733 1216 1797 quas
1234 1712 1268 1776 in

58 1818 179 1900 priori,
200 1807 326 1882 secutus
345 1821 403 1889 sim
421 1821 577 1900 rationes,
596 1821 830 1904 praemonenda
845 1818 1041 1884 ridebantur.
1075 1808 1083 1824 ⁸

143 2027 358 2089 Gum‘nnllum
378 2043 480 2092 exstet
499 2029 715 2093 recentiorum
738 2043 880 2105 autorum
897 2051 994 2112 opus,
1014 2028 1046 2089 in
1062 2048 1126 2111 quo
1142 2026 1183 2090 de
1198 2024 1269 2088 uni·
1325 2086 1327 2090 Α

59 2151 149 2196 versa
166 2133 341 2214 plantarum
359 2136 662 2218 cryptogamicarum
683 2135 783 2197 classe
804 2134 916 2197 ordine
931 2132 1128 2223 systematico
1148 2143 1267 2214 agatur,
1370 2158 1374 2167 ·

27 2288 29 2290 .
58 2252 124 2299 tum
149 2258 228 2300 vero
252 2237 285 2299 in
308 2241 544 2302 nomenclatore
569 2240 740 2323 unicuique
764 2239 916 2318 familiae,
952 2235 1063 2320 generi
1084 2248 1116 2296 et
1136 2234 1284 2319 speciei„
1328 2232 1330 2235 ’

58 2343 162 2424 quoad
177 2343 248 2423 ejus
260 2341 333 2404 fieri
349 2344 459 2426 potuit,
480 2345 634 2428 assignari
648 2344 785 2411 debebat
796 2344 896 2422 locus,
917 2362 1012 2425 quem
1026 2340 1106 2402 solet
1121 2338 1154 2399 in
1168 2352 1268 2421 syste-

57 2461 141 2508 mate
160 2438 321 2527 obtinere,
343 2463 544 2539 conspectum
568 2448 797 2531 systematicum
818 2448 993 2530 plantarum
1018 2433 1268 2528 cryptogamica·
1299 2528 1301 2533 γ

56 2573 128 2612 rum
144 2552 264 2614 addere
280 2551 364 2614 haud
379 2553 573 2637 superfluum
586 2554 687 2617 visum
703 2566 761 2618 est.
785 2553 901 2613 Nititur
917 2550 969 2612 hic
986 2562 1174 2634 conspectus
1189 2567 1267 2631 ope·

56 2656 162 2735 ribus,
185 2677 265 2740 quae
288 2656 328 2719 de
350 2660 488 2738 qualibet
510 2657 626 2719 familia
651 2658 831 2740 diligentius
851 2654 1103 2738 locupletiusque
1122 2665 1265 2714 tractant.
1293 2646 1315 2733 'x

58 2760 93 2822 Si
119 2762 355 2843 comparaveris
374 2783 539 2844 numerum
559 2761 729 2848 generibus
750 2776 781 2822 et
795 2761 961 2843 speciebus
977 2760 1010 2819 in
1031 2757 1275 2818 nomenclatore

58 2878 91 2924 et
108 2865 140 2926 in
155 2865 218 2926 hoc
237 2881 409 2949 conspectu
428 2867 582 2945 additum,
605 2864 699 2926 facile
716 2866 858 2928 invenies
873 2866 995 2942 locum,
1016 2882 1109 2947 quem
1123 2864 1267 2945 quaeque

54 2971 163 3051 planta
185 2969 217 3028 in
240 2984 408 3051 systemate
437 2972 575 3049 obtinet,
611 2990 672 3032 nee
696 2991 761 3031 non
784 2969 1001 3042 nomenclator
1022 2965 1137 3027 indicis
1157 2964 1197 3061 de
1216 2963 1267 3025 his

59 3073 212 3157 operibus
233 3075 366 3136 absoluti
392 3075 477 3138 vices
501 3088 650 3157 praestat,
704 3078 873 3138 Molestum
895 3093 986 3153 sane,
1013 3071 1098 3156 quod
1121 3070 1267 3132 nonnulla

54 3176 169 3238 horum
187 3199 319 3260 operum
333 3200 360 3241 v.
376 3198 404 3242 c.
421 3176 539 3250 Pttesit
552 3179 693 3260 Systema
710 3178 953 3263 mycologicum,
975 3171 1145 3236 Persoonii
1159 3195 1268 3257 myco-

55 3281 141 3363 logia
157 3301 330 3364 europaea,
352 3280 519 3366 Agardlnii
537 3279 662 3365 species
681 3284 831 3366 algerum,
852 3281 990 3343 nondum
1007 3269 1196 3364 prodierunt
1213 3270 1267 3341 ab'·
1350 3343 1355 3354 f

54 3387 166 3449 soluta.
207 3367 366 3470 Equidem
383 3407 600 3469 speraveram,
620 3380 694 3450 fore
708 3402 741 3449 ut
753 3387 833 3449 hacc
846 3407 944 3470 opera
957 3385 1107 3449 breviore
1122 3398 1267 3468 tempore

53 3487 306 3574 perficerentur,
328 3511 409 3575 quae
422 3492 619 3575 exspectatio
634 3493 716 3576 parti
731 3491 805 3554 hnic
819 3491 995 3575 posteriori
1010 3490 1160 3551 inlunem
1172 3489 1268 3551 eden·
1331 3520 1344 3533 a

55 3595 117 3656 dae
142 3616 261 3656 moram
283 3595 394 3658 attulit.
433 3596 560 3662 Diutius
584 3584 769 3679 exspectare
789 3617 853 3656 non
878 3615 918 3656 ex
940 3593 1175 3673 recidebatur,
1197 3594 1269 3676 quia

16 3770 17 3773 Ἴ
53 3711 162 3782 partes
186 3697 367 3779 hujusmodi
391 3700 516 3781 operis,
534 3699 631 3782 ,quod
658 3699 781 3781 copiam
807 3719 916 3760 rerum
942 3698 1057 3759 recens
1081 3697 1114 3757 in
1140 3699 1269 3760 scientia

55 3802 201 3863 butanica
221 3803 418 3874 inventorum
437 3804 691 3887 conspiciendam
707 3805 866 3886 praebere
885 3803 1039 3881 debebat,
1056 3823 1119 3862 non
1136 3802 1203 3862 sine
1220 3803 1269 3862 rei

59 3906 249 3968 detrimento
274 3908 371 3989 longo
397 3929 549 3969 annorum
572 3909 736 3972 intervallo
764 3908 936 3992 disjunctae
962 3906 1014 3967 edi
1037 3919 1193 3988 poterant.
1235 3908 1269 3968 Si

58 4031 137 4072 vero
161 4012 327 4088 nonnulla,
351 4031 431 4095 quae
447 4013 610 4075 'recentius
633 4011 672 4075 sb
691 4014 853 4079 autoribus
871 4013 911 4075 dc
927 4010 1040 4093 plantis
1059 4012 1269 4093 ary2ptogamis

55 4115 179 4176 detecta
203 4130 273 4176 sunt
297 4117 579 4201 velpromulgats
612 4118 645 4180 in
672 4139 771 4202 opere
798 4096 1069 4194 desiderarentur,
1107 4129 1300 4176 excusatus:
1330 4104 1336 4128 ⁸

56 4220 213 4302 ejusmodi
230 4221 416 4282 omissiones
432 4220 608 4301 habebunt,
629 4217 683 4306 qdi
706 4235 867 4305 reputant,
889 4222 1050 4303 integrum
1070 4218 1133 4293 iam
1156 4243 1269 4281 annum
1367 4290 1370 4298 ¹

52 4324 276 4408 praeteriisse,
305 4345 346 4390 ex
368 4346 430 4411 quo
452 4327 697 4410 manuscriptum
713 4350 731 4389 a
750 4319 946 4412 typographo
967 4321 1269 4409 exscribi'coeptum

21 4455 27 4474 r
52 4442 111 4493 est.
140 4480 150 4487 .
592 4438 595 4443 ’

72 4640 75 4644 ’
132 4622 300 4705 Caeterum
314 4642 391 4704 nihil
407 4655 470 4720 est,
489 4639 574 4725 qnod
589 4640 687 4725 magis
705 4653 831 4722 optem,
848 4639 908 4700 nisi
924 4652 975 4717 nt,
991 4659 1050 4720 qua
1067 4637 1156 4721 prior
1173 4659 1269 4719 opus·

49 4746 113 4807 culi
135 4767 210 4829 pars
227 4771 244 4810 a
262 4749 455 4832 peritissimo
472 4766 599 4830 quoque
616 4760 648 4806 et
661 4736 854 4829 indulgentia
873 4747 905 4806 et
922 4764 1025 4828 aequo
1040 4744 1281 4827 moderatoque·

1010 4897 1060 4952 *r
